<record><leader>00000cas a22000007a 4500</leader><controlfield tag="001">12127912</controlfield><controlfield tag="008">850607d1884188upauwr ne      0    0eng d</controlfield><datafield ind1=" " ind2=" " tag="010"><subfield code="a">sn 85054626 </subfield></datafield><datafield ind1=" " ind2=" " tag="040"><subfield code="a">NPH</subfield><subfield code="b">eng</subfield><subfield code="c">NPH</subfield><subfield code="d">OCLCQ</subfield></datafield><datafield ind1=" " ind2=" " tag="042"><subfield code="a">msc</subfield></datafield><datafield ind1="0" ind2=" " tag="130"><subfield code="a">DuBois courier (DuBois, Pa. : 1884)</subfield></datafield><datafield ind1="1" ind2="0" tag="245"><subfield code="a">DuBois courier.</subfield></datafield><datafield ind1=" " ind2=" " tag="260"><subfield code="a">DuBois, Pa. :</subfield><subfield code="b">J.A. Johnston,</subfield><subfield code="c">1884-</subfield></datafield><datafield ind1=" " ind2=" " tag="300"><subfield code="a">v.</subfield></datafield><datafield ind1=" " ind2=" " tag="310"><subfield code="a">Weekly</subfield></datafield><datafield ind1="0" ind2=" " tag="362"><subfield code="a">Vol. 6, whole no. 264 (Mar. 6, 1884)- = New ser. v. 2, no. 3-</subfield></datafield><datafield ind1=" " ind2=" " tag="752"><subfield code="a">United States</subfield><subfield code="b">Pennsylvania</subfield><subfield code="c">Clearfield</subfield><subfield code="d">DuBois.</subfield></datafield><datafield ind1="0" ind2=" " tag="775"><subfield code="t">DuBois daily courier</subfield><subfield code="w">(DLC)sn 86083305</subfield></datafield><datafield ind1="0" ind2="0" tag="780"><subfield code="t">DuBois weekly courier</subfield><subfield code="w">(DLC)sn 85054627</subfield></datafield><datafield ind1="0" ind2="0" tag="785"><subfield code="t">DuBois weekly courier (DuBois, Pa. : 1892)</subfield><subfield code="w">(DLC)sn 89077057</subfield></datafield></record>